@article{wang2014depth,
  title={An in-depth comparison of keyword specific thresholding and sum-to-one score normalization},
  author={Wang, Yun and Metze, Florian},
  year={2014}
}
@inproceedings{mamou2013system,
  title={System combination and score normalization for spoken term detection},
  author={Mamou, Jonathan and Cui, Jia and Cui, Xiaodong and Gales, Mark JF and Kingsbury, Brian and Knill, Kate and Mangu, Lidia and Nolden, David and Picheny, Michael and Ramabhadran, Bhuvana and others},
  booktitle={Acoustics, Speech and Signal Processing (ICASSP), 2013 IEEE International Conference on},
  pages={8272--8276},
  year={2013},
  organization={IEEE}
}
